<?xml version="1.0" encoding="UTF-8"?><collection xmlns="http://www.loc.gov/MARC21/slim"><record><leader>00619nam--2200181-i-4500</leader><controlfield tag="001">000005553</controlfield><controlfield tag="002">20161230</controlfield><controlfield tag="005">20161230201026</controlfield><controlfield tag="008">060222s1000------------r-----000-0-eng-d</controlfield><datafield ind1=" " ind2=" " tag="040"><subfield code="a">IFIN-HH</subfield></datafield><datafield ind1=" " ind2=" " tag="080"><subfield code="a">535.34(061.3):535-34(061.3)</subfield></datafield><datafield ind1="1" ind2=" " tag="100"><subfield code="a">Teo, B.K</subfield></datafield><datafield ind1="1" ind2="0" tag="245"><subfield code="a">Exafs spectroscopy techniques and applications</subfield><subfield code="b">Based on proceedings of a symposium held at the meeting of the materials research society november 26-30, 1979, in boston</subfield><subfield code="c">B.k. teo, d.c. joy (eds.)</subfield></datafield><datafield ind1=" " ind2=" " tag="260"><subfield code="a">New York</subfield><subfield code="b">Plenum Press</subfield><subfield code="c">1981</subfield></datafield><datafield ind1=" " ind2=" " tag="300"><subfield code="a">275p</subfield></datafield><datafield ind1="1" ind2=" " tag="700"><subfield code="a">Joy, D.C</subfield><subfield code="e">Ed</subfield></datafield><datafield ind1=" " ind2=" " tag="852"><subfield code="a">49351</subfield><subfield code="c">537.531</subfield></datafield><datafield ind1=" " ind2=" " tag="CAT"><subfield code="a">Sys</subfield><subfield code="c">20110810</subfield><subfield code="h">122425</subfield></datafield></record></collection>